@book{ template,
  autohr = {},
  yomi = {},
  title = {},
  publisher = {},
  year = {},
  pages = {},
}

@Misc{ template,
  title = {},
  howpublished = {\url{}},
  month = {}, 
  year = {}, 
  note = {},
}
